@article{Aaronson2004,
       author = {{Aaronson}, Scott and {Gottesman}, Daniel},
        title = "{Improved simulation of stabilizer circuits}",
      journal = {Phys. Rev. A},
     keywords = {03.67.Lx, 03.67.Pp, 02.70.-c, Quantum computation, Quantum error correction and other methods for protection against decoherence, Computational techniques, simulations, Quantum Physics, Computer Science - Computational Complexity},
         year = "2004",
        month = "Nov",
       volume = {70},
       number = {5},
        pages = {052328},
          doi = {10.1103/PhysRevA.70.052328},
archivePrefix = {arXiv},
       arxivId = {quant-ph/0406196},
 primaryClass = {quant-ph},
}
@misc{Aaronson2004b,
  title = {{CHP}},
  howpublished = {\url{https://www.scottaaronson.com/chp/}},
  note = {Last Accessed: 2019-05-13}
}
@ARTICLE{Ahmadi2018,
       author = {{Ahmadi}, Mehdi and {Dang}, Hoan Bui and {Gour}, Gilad and {Sand
        ers}, Barry C.},
        title = "{Quantification and manipulation of magic states}",
      journal = {Phys. Rev. A},
     keywords = {Quantum Physics},
         year = "2018",
        month = "Jun",
       volume = {97},
       number = {6},
        pages = {062332},
          doi = {10.1103/PhysRevA.97.062332},
archivePrefix = {arXiv},
       eprint = {1706.03828},
 primaryClass = {quant-ph},
       adsurl = {https://ui.adsabs.harvard.edu/abs/2018PhRvA..97f2332A},
      adsnote = {Provided by the SAO/NASA Astrophysics Data System}
}
@article{Anders2006,
       author = {{Anders}, Simon and {Briegel}, Hans J.},
        title = "{Fast simulation of stabilizer circuits using a graph-state representation}",
      journal = {Phys. Rev. A},
     keywords = {03.67.Lx, 02.70.-c, Quantum computation, Computational techniques, simulations, Quantum Physics},
         year = "2006",
        month = "Feb",
       volume = {73},
       number = {2},
        pages = {022334},
          doi = {10.1103/PhysRevA.73.022334},
archivePrefix = {arXiv},
       arxivId = {quant-ph/0504117},
 primaryClass = {quant-ph},
       adsurl = {https://ui.adsabs.harvard.edu/abs/2006PhRvA..73b2334A},
      adsnote = {Provided by the SAO/NASA Astrophysics Data System}
}
@misc{Anders2006b,
  title = {Github.com: GraphSim},
  howpublished = {\url{https://github.com/Roger-luo/GraphSim}},
  note = {Last Accessed: 2019-06-23}
}
@book{Artin2010,
  author = {Artin, Michael},
  title = {{Algebra: 2nd Edition}},
  year = {2010}
}
@article{BLAS,
 author = {Lawson, C. L. and Hanson, R. J. and Kincaid, D. R. and Krogh, F. T.},
 title = {Basic Linear Algebra Subprograms for Fortran Usage},
 journal = {ACM Trans. Math. Softw.},
 volume = {5},
 number = {3},
 month = "Sep",
 year = {1979},
 issn = {0098-3500},
 pages = {308--323},
 doi = {10.1145/355841.355847}
} 
@ARTICLE{Boixo2016,
       author = {{Boixo}, Sergio and {Isakov}, Sergei V. and {Smelyanskiy}, Vadim N. and
         {Babbush}, Ryan and {Ding}, Nan and {Jiang}, Zhang and
         {Bremner}, Michael J. and {Martinis}, John M. and {Neven}, Hartmut},
        title = "{Characterizing Quantum Supremacy in Near-Term Devices}",
      journal = {Nature Physics},
      doi = {10.1038/s41567-018-0124-x},
     keywords = {Quantum Physics},
         year = "2018",
        month = "Apr",
        pages = {595-600},
        volume = {14},
        issue = {6},
archivePrefix = {arXiv},
       eprint = {1608.00263},
 primaryClass = {quant-ph},
}
@ARTICLE{Brandao2015,
       author = {{Brand{\~a}o}, Fernando G.~S.~L. and {Gour}, Gilad},
        title = "{Reversible Framework for Quantum Resource Theories}",
      journal = {Phys. Rev. Lett.},
     keywords = {03.67.Mn, Entanglement production characterization and manipulation, Quantum Physics},
         year = "2015",
        month = "Aug",
       volume = {115},
       number = {7},
        pages = {070503},
          doi = {10.1103/PhysRevLett.115.070503},
archivePrefix = {arXiv},
       eprint = {1502.03149},
 primaryClass = {quant-ph},
       adsurl = {https://ui.adsabs.harvard.edu/abs/2015PhRvL.115g0503B},
      adsnote = {Provided by the SAO/NASA Astrophysics Data System}
}
@ARTICLE{Bravyi2005,
       author = {{Bravyi}, Sergey and {Kitaev}, Alexei},
        title = "{Universal quantum computation with ideal Clifford gates and noisy ancillas}",
      journal = {Phys. Rev. A},
     keywords = {03.67.Lx, 03.67.Pp, Quantum computation, Quantum error correction and other methods for protection against decoherence, Quantum Physics},
         year = "2005",
        month = "Feb",
       volume = {71},
       number = {2},
          doi = {10.1103/PhysRevA.71.022316},
archivePrefix = {arXiv},
       eprint = {quant-ph/0403025},
 primaryClass = {quant-ph},
}
@ARTICLE{Bravyi2015,
       author = {{Bravyi}, Sergey and {Smith}, Graeme and {Smolin}, John A.},
        title = "{Trading Classical and Quantum Computational Resources}",
      journal = {Phys. Rev. X},
     keywords = {Quantum Physics},
         year = "2016",
        month = "Apr",
       volume = {6},
       number = {2},
          doi = {10.1103/PhysRevX.6.021043},
archivePrefix = {arXiv},
       eprint = {1506.01396},
 primaryClass = {quant-ph},
}
@article{Bravyi2016,
       author = {{Bravyi}, Sergey and {Gosset}, David},
        title = "{Improved Classical Simulation of Quantum Circuits Dominated by Clifford Gates}",
      journal = {Phys.\ Rev.\ Lett.},
     keywords = {Quantum Physics},
         year = "2016",
        month = "Jun",
       volume = {116},
       number = {25},
        pages = {250501},
          doi = {10.1103/PhysRevLett.116.250501},
archivePrefix = {arXiv},
       arxivId = {1601.07601},
 primaryClass = {quant-ph},
       adsurl = {https://ui.adsabs.harvard.edu/abs/2016PhRvL.116y0501B},
      adsnote = {Provided by the SAO/NASA Astrophysics Data System}
}
@article{Bravyi2017,
       author = {{Bravyi}, Sergey and {Gosset}, David and {K{\"o}nig}, Robert},
        title = "{Quantum advantage with shallow circuits}",
      journal = {Science},
     keywords = {COMP/MATH; PHYSICS, Quantum Physics, Computer Science - Computational Complexity},
         year = "2018",
        month = "Oct",
       volume = {362},
       number = {6412},
        pages = {308-311},
          doi = {10.1126/science.aar3106},
archivePrefix = {arXiv},
       eprint = {1704.00690},
 primaryClass = {quant-ph},
}
@article{Bravyi2018,
       author = {{Bravyi}, Sergey and {Browne}, Dan and {Calpin}, Padraic and
         {Campbell}, Earl and {Gosset}, David and {Howard}, Mark},
        title = "{Simulation of quantum circuits by low-rank stabilizer decompositions}",
     keywords = {Quantum Physics},
         year = "2018",
        month = "Jul",
archivePrefix = {arXiv},
       arxivId = {1808.00128},
 primaryClass = {quant-ph},
       adsurl = {https://ui.adsabs.harvard.edu/abs/2018arXiv180800128B},
      adsnote = {Provided by the SAO/NASA Astrophysics Data System}
}
@ARTICLE{Bremner2011,
       author = {{Bremner}, M.~J. and {Jozsa}, R. and {Shepherd}, D.~J.},
        title = "{Classical simulation of commuting quantum computations implies collapse of the polynomial hierarchy}",
      journal = {Proceedings of the Royal Society of London Series A},
     keywords = {Quantum Physics},
         year = "2011",
        month = "Feb",
       volume = {467},
       number = {2126},
        pages = {459-472},
          doi = {10.1098/rspa.2010.0301},
archivePrefix = {arXiv},
       eprint = {1005.1407},
 primaryClass = {quant-ph},
       adsurl = {https://ui.adsabs.harvard.edu/abs/2011RSPSA.467..459B},
      adsnote = {Provided by the SAO/NASA Astrophysics Data System}
}
@article{Campbell2016,
       author = {{Campbell}, Earl T. and {Howard}, Mark},
        title = "{Unified framework for magic state distillation and multiqubit gate synthesis with reduced resource cost}",
      journal = {Phys. Rev. A},
     keywords = {Quantum Physics},
         year = "2017",
        month = "Feb",
       volume = {95},
       number = {2},
        pages = {022316},
          doi = {10.1103/PhysRevA.95.022316},
archivePrefix = {arXiv},
       eprint = {1606.01904},
 primaryClass = {quant-ph},
}
@ARTICLE{Coecke2014,
       author = {{Coecke}, Bob and {Fritz}, Tobias and {Spekkens}, Robert W.},
        title = "{A mathematical theory of resources}",
     keywords = {Quantum Physics, Computer Science - Information Theory, Computer Science - Systems and Control},
         year = "2014",
        month = "Sep",
archivePrefix = {arXiv},
       eprint = {1409.5531},
 primaryClass = {quant-ph},
       adsurl = {https://ui.adsabs.harvard.edu/abs/2014arXiv1409.5531C},
      adsnote = {Provided by the SAO/NASA Astrophysics Data System}
}
@misc{CPPRefTypes,
  title = {C++ Reference: Fundamental Types},
  howpublished = {\url{https://en.cppreference.com/w/cpp/language/types}},
  note = {Last Accessed: 2019-06-19}
}
@misc{CPPRefBitwise,
  title = {C++ Refrence: Bitwise Operators},
  howpublished = {\url{https://en.cppreference.com/w/cpp/language/operator_arithmetic#Bitwise_logic_operators}},
  note = {Last Accessed: 2019-06-19}
}
@article{Dehaene2003,
       author = {{Dehaene}, Jeroen and {de Moor}, Bart},
        title = "{Clifford group, stabilizer states, and linear and quadratic operations over GF(2)}",
      journal = {Phys. Rev. A},
     keywords = {03.67.-a, Quantum information, Quantum Physics},
         year = "2003",
        month = "Oct",
       volume = {68},
       number = {4},
        pages = {042318},
          doi = {10.1103/PhysRevA.68.042318},
archivePrefix = {arXiv},
       arxivId = {quant-ph/0304125},
 primaryClass = {quant-ph},
       adsurl = {https://ui.adsabs.harvard.edu/abs/2003PhRvA..68d2318D},
      adsnote = {Provided by the SAO/NASA Astrophysics Data System}
}
@article{Flynn1972,
  author = {{Flynn}, Michael J.},
  title = "{Some Computer Organizations and Their Effectiveness}",
  journal = {IEEE Transactions on Computers},
  year = "1972",
  month = "Sep",
  doi = {10.1109/TC.1972.5009071},
  publisher = {IEEE},
  pages = {948-960},
  volume = {C-21},
  issue = {9}
}
@article{Garcia2012,
       author = "Garc{\'i}a, H{\'e}ctor J. and {Markov}, Igor L. and {Cross}, Andrew W.",
        title = "Efficient Inner-product Algorithm for Stabilizer States",
     keywords = {Computer Science - Emerging Technologies, Computer Science - Computational Geometry, Computer Science - Data Structures and Algorithms, Quantum Physics},
         year = "2012",
        month = "Oct",
        pages = {arXiv:1210.6646},
archivePrefix = {arXiv},
       arxivId = {1210.6646},
 primaryClass = {cs.ET},
       adsurl = {https://ui.adsabs.harvard.edu/abs/2012arXiv1210.6646G},
      adsnote = {Provided by the SAO/NASA Astrophysics Data System}
}
@article{Garcia2015,
       author = "{Garc{\'i}a}, H{\'e}ctor J. and {Markov}, Igor L.",
        title = "{Simulation of Quantum Circuits via Stabilizer Frames}",
        journal = {IEEE Transactions on Computers},
        volume = {64},
        issue = {8},
        pages = {2323-2336},
     keywords = {Computer Science - Data Structures and Algorithms, Quantum Physics},
         year = "2017",
        month = "Dec",
        pages = {arXiv:1712.03554},
archivePrefix = {arXiv},
       arxivId = {1712.03554},
 primaryClass = {cs.DS},
       adsurl = {https://ui.adsabs.harvard.edu/abs/2017arXiv171203554G},
      adsnote = {Provided by the SAO/NASA Astrophysics Data System}
}
@article{Gottesman1998,
       author = {{Gottesman}, Daniel},
        title = "{Fault-Tolerant Quantum Computation with Higher-Dimensional Systems}",
      journal = {Chaos Solitons and Fractals},
     keywords = {Quantum Physics},
         year = "1999",
        month = "Sep",
       volume = {10},
        pages = {1749-1758},
          doi = {10.1016/S0960-0779(98)00218-5},
archivePrefix = {arXiv},
       arxivId = {quant-ph/9802007},
 primaryClass = {quant-ph},
}
@article{Gottesman1998b,
       author = {{Gottesman}, Daniel},
        title = "{The Heisenberg Representation of Quantum Computers}",
     keywords = {Quantum Physics},
         year = "1998",
        month = "Jul",
archivePrefix = {arXiv},
       arxivId = {quant-ph/9807006},
 primaryClass = {quant-ph},
       adsurl = {https://ui.adsabs.harvard.edu/abs/1998quant.ph..7006G},
      adsnote = {Provided by the SAO/NASA Astrophysics Data System}
}
@ARTICLE{Gottesman1999,
       author = {{Gottesman}, Daniel and {Chuang}, Isaac L.},
        title = "{Demonstrating the viability of universal quantum computation using teleportation and single-qubit operations}",
      journal = {Nature},
     keywords = {Quantum Physics},
         year = "1999",
        month = "Nov",
       volume = {402},
       number = {6760},
        pages = {390-393},
          doi = {10.1038/46503},
archivePrefix = {arXiv},
       eprint = {quant-ph/9908010},
 primaryClass = {quant-ph},
}
@misc{gridsynth,
  author = {{Ross}, Neil J. and {Selinger}, Peter},
  title = {Exact and approximate synthesis of quantum circuits},
  howpublished = {\url{https://www.mathstat.dal.ca/~selinger/newsynth/}},
  note = {Last Accessed: 2019-07-08}
}
@ARTICLE{Grudka2012,
       author = {{Grudka}, A. and {Horodecki}, K. and {Horodecki}, M. and
         {Horodecki}, P. and {Horodecki}, R. and {Joshi}, P. and
         {K{\l}obus}, W. and {W{\'o}jcik}, A.},
        title = "{Quantifying Contextuality}",
     keywords = {Quantum Physics},
         year = "2012",
        month = "Sep",
        pages = {arXiv:1209.3745},
archivePrefix = {arXiv},
       eprint = {1209.3745},
 primaryClass = {quant-ph},
       adsurl = {https://ui.adsabs.harvard.edu/abs/2012arXiv1209.3745G},
      adsnote = {Provided by the SAO/NASA Astrophysics Data System}
}
@ARTICLE{Harrow2013,
       author = {{Harrow}, Aram W.},
        title = "{The Church of the Symmetric Subspace}",
      journal = {arXiv e-prints},
     keywords = {Quantum Physics},
         year = "2013",
        month = "Aug",
        pages = {arXiv:1308.6595},
archivePrefix = {arXiv},
       eprint = {1308.6595},
 primaryClass = {quant-ph},
       adsurl = {https://ui.adsabs.harvard.edu/abs/2013arXiv1308.6595H},
      adsnote = {Provided by the SAO/NASA Astrophysics Data System}
}
@ARTICLE{Horodecki2013,
       author = {{Horodecki}, Michal and {Oppenheim}, Jonathan},
        title = "{(quantumness in the Context Of) Resource Theories}",
      journal = {International Journal of Modern Physics B},
     keywords = {Resource theories, entanglement, thermodynamics, noisy operations, discord, deficit, Quantum Physics},
         year = "2013",
        month = "Jan",
       volume = {27},
        pages = {1345019},
          doi = {10.1142/S0217979213450197},
archivePrefix = {arXiv},
       eprint = {1209.2162},
 primaryClass = {quant-ph},
}
@ARTICLE{Howard2014,
       author = {{Howard}, Mark and {Wallman}, Joel and {Veitch}, Victor and
         {Emerson}, Joseph},
        title = "{Contextuality supplies the `magic' for quantum computation}",
      journal = {Nature},
     keywords = {Quantum Physics},
         year = "2014",
        month = "Jun",
       volume = {510},
       number = {7505},
        pages = {351-355},
          doi = {10.1038/nature13460},
archivePrefix = {arXiv},
       eprint = {1401.4174},
 primaryClass = {quant-ph},
       adsurl = {https://ui.adsabs.harvard.edu/abs/2014Natur.510..351H},
      adsnote = {Provided by the SAO/NASA Astrophysics Data System}
}
@ARTICLE{Howard2017,
       author = {{Howard}, Mark and {Campbell}, Earl},
        title = "{Application of a Resource Theory for Magic States to Fault-Tolerant Quantum Computing}",
      journal = {Phys. Rev. Lett.},
     keywords = {Quantum Physics},
         year = "2017",
        month = "Mar",
       volume = {118},
       number = {9},
        pages = {090501},
          doi = {10.1103/PhysRevLett.118.090501},
archivePrefix = {arXiv},
       eprint = {1609.07488},
 primaryClass = {quant-ph},
}
@article{Knyazev2002,
author = {Knyazev, A. and Argentati, M.},
title = {Principal Angles between Subspaces in an A-Based Scalar Product: Algorithms and Perturbation Estimates},
journal = {SIAM Journal on Scientific Computing},
volume = {23},
number = {6},
pages = {2008-2040},
year = {2002},
doi = {10.1137/S1064827500377332},
URL = { 
        https://doi.org/10.1137/S1064827500377332
    
},
eprint = { 
        https://doi.org/10.1137/S1064827500377332   
}
}
@inproceedings{LAPACK,
author = {Dongarra, Jack and Pozo, Roldan and Walker, David},
year = {1993},
month = {12},
pages = {162- 171},
title = {LAPACK++: A design overview of object-oriented extensions for high performance linear algebra},
isbn = {0-8186-4340-4},
journal = {Proceedings of Supercomputing '93},
doi = {10.1109/SUPERC.1993.1263440}
}
@INPROCEEDINGS{Lundberg2004,
author={M. {Lundberg} and L. {Svensson}},
booktitle={Processing Workshop Proceedings, 2004 Sensor Array and Multichannel Signal},
title={The Haar measure and the generation of random unitary matrices},
year={2004},
volume={},
number={},
pages={114-118},
keywords={eigenvalues and eigenfunctions;covariance matrices;signal sampling;Haar measure;random unitary matrix generation;covariance matrices;eigenvalues-eigenvector;Murnaghan's parameterization;orthogonal matrix;Givens rotation;Covariance matrix;Signal processing;Eigenvalues and eigenfunctions;Signal processing algorithms;Colored noise;Symmetric matrices;Statistics;MIMO;Communication channels;Performance evaluation},
doi={10.1109/SAM.2004.1502919},
ISSN={},
month={July},}
@ARTICLE{Markov2018,
       author = {{Markov}, Igor L. and {Fatima}, Aneeqa and {Isakov}, Sergei V. and
         {Boixo}, Sergio},
        title = "{Quantum Supremacy Is Both Closer and Farther than It Appears}",
         year = "2018",
        month = "Jul",
        pages = {arXiv:1807.10749},
archivePrefix = {arXiv},
       eprint = {1807.10749},
 primaryClass = {quant-ph},
}
@article{Maslov2017,
       author = {{Maslov}, Dmitri and {Roetteler}, Martin},
        title = "{Shorter stabilizer circuits via Bruhat decomposition and quantum circuit transformations}",
     keywords = {Quantum Physics, Computer Science - Emerging Technologies, Computer Science - Information Theory},
         year = "2017",
        month = "May",
        pages = {arXiv:1705.09176},
archivePrefix = {arXiv},
       eprint = {1705.09176},
 primaryClass = {quant-ph},
}
@misc{MATLABTech,
  title = {LAPACK in MATLAB},
  howpublished={\url{https://uk.mathworks.com/help/matlab/math/lapack-in-matlab.html}},
  note = {Last Accessed: 2019-06-24}
}
@misc{MEXRef,
  title = {Mathworks Documentation: External Language Interfaces},
  howpublished = {\url{https://uk.mathworks.com/help/matlab/external-language-interfaces.html}},
  note = {Last Accessed: 2019-06-20}
}
@ARTICLE{Napoli2016,
       author = {{Napoli}, Carmine and {Bromley}, Thomas R. and {Cianciaruso}, Marco and
         {Piani}, Marco and {Johnston}, Nathaniel and {Adesso}, Gerardo},
        title = "{Robustness of Coherence: An Operational and Observable Measure of Quantum Coherence}",
      journal = {Phys. Rev. Lett.},
     keywords = {Quantum Physics, Condensed Matter - Other Condensed Matter, Mathematical Physics, Physics - Computational Physics},
         year = "2016",
        month = "Apr",
       volume = {116},
       number = {15},
        pages = {150502},
          doi = {10.1103/PhysRevLett.116.150502},
archivePrefix = {arXiv},
       eprint = {1601.03781},
 primaryClass = {quant-ph},
       adsurl = {https://ui.adsabs.harvard.edu/abs/2016PhRvL.116o0502N},
      adsnote = {Provided by the SAO/NASA Astrophysics Data System}
}
@book{Nielsen2000,
author = {Nielsen, Michael A and Chuang, Isaac L},
title = {{Quantum computation and quantum information}},
year = {2000}
}
@inproceedings{Numba,
 author = {Lam, Siu Kwan and Pitrou, Antoine and Seibert, Stanley},
 title = {Numba: A LLVM-based Python JIT Compiler},
 booktitle = {Proceedings of the Second Workshop on the LLVM Compiler Infrastructure in HPC},
 series = {LLVM '15},
 year = {2015},
 isbn = {978-1-4503-4005-2},
 location = {Austin, Texas},
 pages = {7:1--7:6},
 articleno = {7},
 numpages = {6},
 url = {http://doi.acm.org/10.1145/2833157.2833162},
 doi = {10.1145/2833157.2833162},
 acmid = {2833162},
 publisher = {ACM},
 address = {New York, NY, USA},
 keywords = {LLVM, Python, compiler},
}
@ARTICLE{Numpy,
author={S. {van der Walt} and S. C. {Colbert} and G. {Varoquaux}},
journal={Computing in Science Engineering},
title={The NumPy Array: A Structure for Efficient Numerical Computation},
year={2011},
volume={13},
number={2},
pages={22-30},
keywords={data structures;high level languages;mathematics computing;numerical analysis;numerical computation;numpy array;numerical data;high level language;Python programming language;Arrays;Numerical analysis;Performance evaluation;Computational efficiency;Finite element methods;Vector quantization;Resource management;Python;NumPy;scientific programming;numerical computations;programming libraries},
doi={10.1109/MCSE.2011.37},
ISSN={1521-9615},
month={March}
}
@ARTICLE{Pashayan2017,
       author = {{Pashayan}, Hakop and {Bartlett}, Stephen D. and {Gross}, David},
        title = "{From estimation of quantum probabilities to simulation of quantum circuits}",
      journal = {arXiv e-prints},
     keywords = {Quantum Physics},
         year = "2017",
        month = "Dec",
          eid = {arXiv:1712.02806},
        pages = {arXiv:1712.02806},
archivePrefix = {arXiv},
       eprint = {1712.02806},
 primaryClass = {quant-ph},
       adsurl = {https://ui.adsabs.harvard.edu/abs/2017arXiv171202806P},
      adsnote = {Provided by the SAO/NASA Astrophysics Data System}
}
@ARTICLE{Patel2003,
       author = {{Patel}, K.~N. and {Markov}, I.~L. and {Hayes}, J.~P.},
        title = "{Efficient Synthesis of Linear Reversible Circuits}",
     keywords = {Quantum Physics},
         year = "2003",
        month = "Feb",
archivePrefix = {arXiv},
       eprint = {quant-ph/0302002},
 primaryClass = {quant-ph},
       adsurl = {https://ui.adsabs.harvard.edu/abs/2003quant.ph..2002P},
      adsnote = {Provided by the SAO/NASA Astrophysics Data System}
}
@ARTICLE{Ross2014,
       author = {{Ross}, Neil J. and {Selinger}, Peter},
        title = "{Optimal ancilla-free Clifford+T approximation of z-rotations}",
     keywords = {Quantum Physics, Computer Science - Emerging Technologies},
         year = "2014",
        month = "Mar",
        pages = {arXiv:1403.2975},
archivePrefix = {arXiv},
       eprint = {1403.2975},
 primaryClass = {quant-ph},
       adsurl = {https://ui.adsabs.harvard.edu/abs/2014arXiv1403.2975R},
      adsnote = {Provided by the SAO/NASA Astrophysics Data System}
}
@ARTICLE{Schlingemann2001,
       author = {{Schlingemann}, D.},
        title = "{Stabilizer codes can be realized as graph codes}",
     keywords = {Quantum Physics},
         year = "2001",
        month = "Nov",
archivePrefix = {arXiv},
       eprint = {quant-ph/0111080},
 primaryClass = {quant-ph},
       adsurl = {https://ui.adsabs.harvard.edu/abs/2001quant.ph.11080S},
      adsnote = {Provided by the SAO/NASA Astrophysics Data System}
}
@Misc{scipy,
  author =    {Eric Jones and Travis Oliphant and Pearu Peterson and others},
  title =     {{SciPy}: Open source scientific tools for {Python}},
  year =      {2001--},
  url = "http://www.scipy.org/",
  note = {[Online; accessed <today>]}
}
@article{Seddon2019,
       author = {{Seddon}, James R. and {Campbell}, Earl},
        title = "{Quantifying magic for multi-qubit operations}",
     keywords = {Quantum Physics},
         year = "2019",
        month = "Jan",
archivePrefix = {arXiv},
       arxivId = {1901.03322},
 primaryClass = {quant-ph},
       adsurl = {https://ui.adsabs.harvard.edu/abs/2019arXiv190103322S},
      adsnote = {Provided by the SAO/NASA Astrophysics Data System}
}
@misc{SIMD,
  title = {Intel Streaming SIMD Extensions Technology},
  howpublished={\url{https://www.intel.com/content/www/us/en/support/articles/000005779/processors.html}},
  note = {Last Accessed: 2019-06-24}
}
@ARTICLE{Stahlke2014,
       author = {{Stahlke}, Dan},
        title = "{Quantum interference as a resource for quantum speedup}",
      journal = {Phys. Rev. A},
     keywords = {03.67.Ac, Quantum algorithms protocols and simulations, Quantum Physics},
         year = "2014",
        month = "Aug",
       volume = {90},
       number = {2},
        pages = {022302},
          doi = {10.1103/PhysRevA.90.022302},
archivePrefix = {arXiv},
       eprint = {1305.2186},
 primaryClass = {quant-ph},
       adsurl = {https://ui.adsabs.harvard.edu/abs/2014PhRvA..90b2302S},
      adsnote = {Provided by the SAO/NASA Astrophysics Data System}
}
@ARTICLE{Takagi2018,
       author = {{Takagi}, Ryuji and {Zhuang}, Quntao},
        title = "{Convex resource theory of non-Gaussianity}",
      journal = {Phys. Rev. A},
     keywords = {Quantum Physics},
         year = "2018",
        month = "Jun",
       volume = {97},
       number = {6},
        pages = {062337},
          doi = {10.1103/PhysRevA.97.062337},
archivePrefix = {arXiv},
       eprint = {1804.04669},
 primaryClass = {quant-ph},
       adsurl = {https://ui.adsabs.harvard.edu/abs/2018PhRvA..97f2337T},
      adsnote = {Provided by the SAO/NASA Astrophysics Data System}
}
@article{VandenNest2004,
  title = {Efficient algorithm to recognize the local Clifford equivalence of graph states},
  author = {Van den Nest, Maarten and Dehaene, Jeroen and De Moor, Bart},
  journal = {Phys. Rev. A},
  volume = {70},
  issue = {3},
  numpages = {3},
  year = {2004},
  month = {Sep},
  publisher = {American Physical Society},
  doi = {10.1103/PhysRevA.70.034302},
  url = {https://link.aps.org/doi/10.1103/PhysRevA.70.034302},
  archivePrefix = {arXix},
  primaryClass = {quant-ph},
  eprint = {quant-ph/0302002}
}
@article{VandenNest2008,
       author = {{Van den Nest}, M.},
        title = "{Classical simulation of quantum computation, the Gottesman-Knill theorem, and slightly beyond}",
     keywords = {Quantum Physics},
         year = "2008",
        month = "Nov",
archivePrefix = {arXiv},
       arxivId = {0811.0898},
 primaryClass = {quant-ph},
       adsurl = {https://ui.adsabs.harvard.edu/abs/2008arXiv0811.0898V},
      adsnote = {Provided by the SAO/NASA Astrophysics Data System}
}
@ARTICLE{Veitch2014,
       author = {{Veitch}, Victor and {Hamed Mousavian}, S.~A. and {Gottesman}, Daniel and
         {Emerson}, Joseph},
        title = "{The resource theory of stabilizer quantum computation}",
      journal = {New Journal of Physics},
     keywords = {Quantum Physics},
         year = "2014",
        month = "Jan",
       volume = {16},
       number = {1},
        pages = {013009},
          doi = {10.1088/1367-2630/16/1/013009},
archivePrefix = {arXiv},
       eprint = {1307.7171},
 primaryClass = {quant-ph},
}
@ARTICLE{Vidal1999,
       author = {{Vidal}, Guifr{\'e} and {Tarrach}, Rolf},
        title = "{Robustness of entanglement}",
      journal = {Phys. Rev. A},
     keywords = {03.67.-a, Quantum information, Quantum Physics},
         year = "1999",
        month = "Jan",
       volume = {59},
       number = {1},
        pages = {141-155},
          doi = {10.1103/PhysRevA.59.141},
archivePrefix = {arXiv},
       eprint = {quant-ph/9806094},
 primaryClass = {quant-ph},
       adsurl = {https://ui.adsabs.harvard.edu/abs/1999PhRvA..59..141V},
      adsnote = {Provided by the SAO/NASA Astrophysics Data System}
}
@ARTICLE{Villalonga2018,
       author = {{Villalonga}, Benjamin and {Boixo}, Sergio and {Nelson}, Bron and
         {Henze}, Christopher and {Rieffel}, Eleanor and {Biswas}, Rupak and {Mand
        r{\`a}}, Salvatore},
        title = "{A flexible high-performance simulator for the verification and benchmarking of quantum circuits implemented on real hardware}",
     keywords = {Quantum Physics},
         year = "2018",
        month = "Nov",
archivePrefix = {arXiv},
       eprint = {1811.09599},
 primaryClass = {quant-ph},
       adsurl = {https://ui.adsabs.harvard.edu/abs/2018arXiv181109599V},
      adsnote = {Provided by the SAO/NASA Astrophysics Data System}
}
@ARTICLE{Wang2018,
       author = {{Wang}, Xin and {Wilde}, Mark M. and {Su}, Yuan},
        title = "{Efficiently computable bounds for magic state distillation}",
     keywords = {Quantum Physics, Computer Science - Information Theory, Mathematical Physics},
         year = "2018",
        month = "Dec",
        pages = {arXiv:1812.10145},
archivePrefix = {arXiv},
       eprint = {1812.10145},
 primaryClass = {quant-ph},
       adsurl = {https://ui.adsabs.harvard.edu/abs/2018arXiv181210145W},
      adsnote = {Provided by the SAO/NASA Astrophysics Data System}
}
@misc{Yoder2012,
  author = {{Yoder}, Theodore J.},
  title = {A generalization of the stabilizer formalism for simulating arbitrary quantum circuits},
  year = {2012},
  month = "Dec",
  howpublished = {https://scottaaronson.com/showcase2/report/ted-yoder.pdf},
  note = {Last Accessed: 2019-07-08}
}
@ARTICLE{Yoganathan2019,
       author = {{Yoganathan}, Mithuna and {Jozsa}, Richard and {Strelchuk}, Sergii},
        title = "{Quantum advantage of unitary Clifford circuits with magic state inputs}",
      journal = {Proceedings of the Royal Society of London Series A},
     keywords = {Quantum Physics},
         year = "2019",
        month = "May",
       volume = {475},
       issue = {2225},
          doi = {10.1098/rspa.2018.0427},
archivePrefix = {arXiv},
       eprint = {1806.03200},
 primaryClass = {quant-ph},
}
@ARTICLE{Zhu2016,
       author = {{Zhu}, Huangjun and {Kueng}, Richard and {Grassl}, Markus and
         {Gross}, David},
        title = "{The Clifford group fails gracefully to be a unitary 4-design}",
      journal = {arXiv e-prints},
     keywords = {Quantum Physics},
         year = "2016",
        month = "Sep",
        pages = {arXiv:1609.08172},
archivePrefix = {arXiv},
       eprint = {1609.08172},
 primaryClass = {quant-ph},
       adsurl = {https://ui.adsabs.harvard.edu/abs/2016arXiv160908172Z},
      adsnote = {Provided by the SAO/NASA Astrophysics Data System}
}